[gd_scene load_steps=24 format=2]

[ext_resource path="res://objects/fps_player/player.tscn" type="PackedScene" id=1]
[ext_resource path="res://assest/rooms/living_area/Station 61 Living Area.tscn" type="PackedScene" id=2]
[ext_resource path="res://assest/objects/round_table/round table.tscn" type="PackedScene" id=3]
[ext_resource path="res://assest/objects/kitchen_table/kitchen table.tscn" type="PackedScene" id=4]
[ext_resource path="res://assest/objects/small_keyboard/small keyboard.tscn" type="PackedScene" id=5]
[ext_resource path="res://assest/objects/base_radio/base radio.tscn" type="PackedScene" id=6]
[ext_resource path="res://assest/objects/fire_alarm_pull/fire alarm pull.tscn" type="PackedScene" id=7]
[ext_resource path="res://assest/objects/collection_02_small_items/glb/outlet_01.glb" type="PackedScene" id=8]
[ext_resource path="res://assest/objects/collection_02_small_items/glb/light_switch_01.glb" type="PackedScene" id=9]
[ext_resource path="res://assest/objects/alarm_panel_small/small_alarm_pad.tscn" type="PackedScene" id=10]
[ext_resource path="res://assest/objects/radio_room_monitor/monitor.tscn" type="PackedScene" id=11]
[ext_resource path="res://assest/objects/desktop/desktop_01.tscn" type="PackedScene" id=12]
[ext_resource path="res://assest/objects/bulletin_board/bulletin_board.glb" type="PackedScene" id=13]
[ext_resource path="res://assest/objects/tan_panel/tan_panel.gltf" type="PackedScene" id=14]
[ext_resource path="res://assest/objects/file_cabinet/file cabinet.tscn" type="PackedScene" id=15]
[ext_resource path="res://assest/objects/wallphotos/wall_photo.tscn" type="PackedScene" id=16]
[ext_resource path="res://assest/objects/wallphotos/wall_photo2.tscn" type="PackedScene" id=17]
[ext_resource path="res://assest/objects/tv_box/tv_box.tscn" type="PackedScene" id=18]
[ext_resource path="res://assest/objects/wallmaps/wallmaps.glb" type="PackedScene" id=19]
[ext_resource path="res://assest/objects/cleaner_01/cleaner.tscn" type="PackedScene" id=20]
[ext_resource path="res://assest/objects/small_wood_table/small wood table.tscn" type="PackedScene" id=21]
[ext_resource path="res://assest/objects/radio_battery/radio_Battery.tscn" type="PackedScene" id=22]
[ext_resource path="res://assest/objects/microwave/microwave.tscn" type="PackedScene" id=23]

[node name="Map_01" type="Spatial"]
transform = Transform( 1, 0, 0, 0, 1, 0, 0, 0, 1, -27.1831, 0, -19.379 )

[node name="Station 61 Living Area" parent="." instance=ExtResource( 2 )]
transform = Transform( 2, 0, 0, 0, 2, 0, 0, 0, 2, 0, 0, 0 )

[node name="kitchen table" parent="Station 61 Living Area" instance=ExtResource( 4 )]
transform = Transform( 0.491393, 0, 1.93869, 0, 2, 0, -1.93869, 0, 0.491393, -3.2837, -4.76837e-07, 8.35786 )

[node name="round table" parent="Station 61 Living Area" instance=ExtResource( 3 )]
transform = Transform( 2, 0, 0, 0, 2, 0, 0, 0, 2, -10.119, 0.0578125, -32.3562 )

[node name="small keyboard" parent="Station 61 Living Area" instance=ExtResource( 5 )]
transform = Transform( 0.398646, 0.00435517, -0.301765, -0.00887671, 0.499901, -0.00451185, 0.301666, 0.00895463, 0.398645, 11.662, 3.35096, -33.257 )

[node name="small keyboard2" parent="Station 61 Living Area" instance=ExtResource( 5 )]
transform = Transform( -0.131211, -0.00563838, -0.495645, -0.0177534, 0.499901, -0.00451184, 0.991196, 0.0082074, -0.0656925, 10.9029, 3.35096, -27.6433 )

[node name="base radio" parent="Station 61 Living Area" instance=ExtResource( 6 )]
transform = Transform( -3.0598e-08, 0, -0.7, 0, 0.7, 0, 0.7, 0, -3.0598e-08, 11.5634, 6.33384, -31.4331 )

[node name="fire alarm pull" parent="Station 61 Living Area" instance=ExtResource( 7 )]
transform = Transform( 0.5, 0, 0, 0, 0.5, 0, 0, 0, 0.5, 8.24853, 6.36342, -34.7046 )

[node name="small_alarm_pad" parent="Station 61 Living Area" instance=ExtResource( 10 )]
transform = Transform( 0.5, 0, 0, 0, 0.5, 0, 0, 0, 0.5, -5.96269, 5, -34.8205 )

[node name="switches_outlets" type="Spatial" parent="Station 61 Living Area"]

[node name="light_switch_01" parent="Station 61 Living Area/switches_outlets" instance=ExtResource( 9 )]
transform = Transform( 0.5, 0, 0, 0, 0.5, 0, 0, 0, 0.5, 6.27978, 6.32943, -34.7102 )

[node name="light_switch_03" parent="Station 61 Living Area/switches_outlets" instance=ExtResource( 9 )]
transform = Transform( -2.18557e-08, 0, -0.5, 0, 0.5, 0, 0.5, 0, -2.18557e-08, 13.1875, 6.32943, 12.735 )

[node name="light_switch_04" parent="Station 61 Living Area/switches_outlets" instance=ExtResource( 9 )]
transform = Transform( -2.18557e-08, 0, -0.5, 0, 0.5, 0, 0.5, 0, -2.18557e-08, 13.1875, 6.32943, 13.8042 )

[node name="light_switch_05" parent="Station 61 Living Area/switches_outlets" instance=ExtResource( 9 )]
transform = Transform( -2.18557e-08, 0, -0.5, 0, 0.5, 0, 0.5, 0, -2.18557e-08, 13.1875, 6.32943, 14.3984 )

[node name="light_switch_02" parent="Station 61 Living Area/switches_outlets" instance=ExtResource( 9 )]
transform = Transform( 0.5, 0, 0, 0, 0.5, 0, 0, 0, 0.5, 6.89453, 6.32943, -34.7102 )

[node name="outlet_01" parent="Station 61 Living Area/switches_outlets" instance=ExtResource( 8 )]
transform = Transform( 0.5, 0, 0, 0, 0.5, 0, 0, 0, 0.5, 6.66825, 1.75472, -34.7102 )

[node name="outlet_05" parent="Station 61 Living Area/switches_outlets" instance=ExtResource( 8 )]
transform = Transform( -2.18557e-08, 0, -0.5, 0, 0.5, 0, 0.5, 0, -2.18557e-08, 13.2045, 1.75472, -31.5131 )

[node name="outlet_06" parent="Station 61 Living Area/switches_outlets" instance=ExtResource( 8 )]
transform = Transform( -2.18557e-08, 0, -0.5, 0, 0.5, 0, 0.5, 0, -2.18557e-08, 13.2045, 1.75472, -22.0897 )

[node name="outlet_15" parent="Station 61 Living Area/switches_outlets" instance=ExtResource( 8 )]
transform = Transform( -2.18557e-08, 0, -0.5, 0, 0.5, 0, 0.5, 0, -2.18557e-08, 13.2045, 1.75472, -14.7906 )

[node name="outlet_16" parent="Station 61 Living Area/switches_outlets" instance=ExtResource( 8 )]
transform = Transform( -2.18557e-08, 0, -0.5, 0, 0.5, 0, 0.5, 0, -2.18557e-08, 13.2045, 1.75472, -6.24362 )

[node name="outlet_17" parent="Station 61 Living Area/switches_outlets" instance=ExtResource( 8 )]
transform = Transform( -2.18557e-08, 0, -0.5, 0, 0.5, 0, 0.5, 0, -2.18557e-08, 13.2045, 1.75472, 13.353 )

[node name="outlet_18" parent="Station 61 Living Area/switches_outlets" instance=ExtResource( 8 )]
transform = Transform( -2.18557e-08, 0, -0.5, 0, 0.5, 0, 0.5, 0, -2.18557e-08, 9.24732, 1.75472, 5.48659 )

[node name="outlet_07" parent="Station 61 Living Area/switches_outlets" instance=ExtResource( 8 )]
transform = Transform( -2.18557e-08, 0, -0.5, 0.00542787, 0.499971, -2.3726e-10, 0.499971, -0.00542787, -2.18544e-08, 13.2045, 4.9967, -22.8795 )

[node name="outlet_09" parent="Station 61 Living Area/switches_outlets" instance=ExtResource( 8 )]
transform = Transform( -0.5, 0, -4.37114e-08, 0, 0.5, 0, 4.37114e-08, 0, -0.5, 9.60709, 4.90516, -19.8698 )

[node name="outlet_10" parent="Station 61 Living Area/switches_outlets" instance=ExtResource( 8 )]
transform = Transform( -0.5, 0, -4.37114e-08, 0, 0.5, 0, 4.37114e-08, 0, -0.5, 2.18015, 4.90516, -19.8698 )

[node name="outlet_11" parent="Station 61 Living Area/switches_outlets" instance=ExtResource( 8 )]
transform = Transform( -0.5, 0, -4.37114e-08, 0, 0.5, 0, 4.37114e-08, 0, -0.5, 2.18015, 1.88268, -19.8698 )

[node name="outlet_12" parent="Station 61 Living Area/switches_outlets" instance=ExtResource( 8 )]
transform = Transform( 0.5, 0, 0, 0, 0.5, 0, 0, 0, 0.5, -3.95497, 1.88268, -19.3046 )

[node name="outlet_13" parent="Station 61 Living Area/switches_outlets" instance=ExtResource( 8 )]
transform = Transform( 0.5, 0, 0, 0, 0.5, 0, 0, 0, 0.5, 10.1362, 1.88268, -19.3046 )

[node name="outlet_14" parent="Station 61 Living Area/switches_outlets" instance=ExtResource( 8 )]
transform = Transform( 0.5, 0, 0, 0, 0.5, 0, 0, 0, 0.5, 10.1362, 7.09731, -19.3046 )

[node name="outlet_08" parent="Station 61 Living Area/switches_outlets" instance=ExtResource( 8 )]
transform = Transform( -2.18557e-08, 0, -0.5, 0, 0.5, 0, 0.5, 0, -2.18557e-08, 13.2045, 4.90516, -31.5641 )

[node name="outlet_02" parent="Station 61 Living Area/switches_outlets" instance=ExtResource( 8 )]
transform = Transform( 0.5, 0, 0, 0, 0.5, 0, 0, 0, 0.5, -6.2402, 1.75472, -34.7102 )

[node name="outlet_03" parent="Station 61 Living Area/switches_outlets" instance=ExtResource( 8 )]
transform = Transform( -2.18557e-08, 0, 0.5, 0, 0.5, 0, -0.5, 0, -2.18557e-08, -12.2252, 1.75472, -14.38 )

[node name="outlet_04" parent="Station 61 Living Area/switches_outlets" instance=ExtResource( 8 )]
transform = Transform( -2.18557e-08, 0, 0.5, 0, 0.5, 0, -0.5, 0, -2.18557e-08, -12.7351, 1.75472, 9.91393 )

[node name="bulletin_board" parent="Station 61 Living Area" instance=ExtResource( 13 )]
transform = Transform( -5, 0, -1.74846e-07, 0, 5, 0, 4.37114e-07, 0, -2, -2.05463, 8.05325, -19.7242 )

[node name="tan_panel" parent="Station 61 Living Area" instance=ExtResource( 14 )]
transform = Transform( -1, 0, -8.74228e-08, 0, 1, 0, 8.74228e-08, 0, -1, 8.2297, 7.75992, -19.7797 )

[node name="wall_photo2" parent="Station 61 Living Area" instance=ExtResource( 17 )]
transform = Transform( 2.71117, -1.24296, -0.323397, 0, 0.755397, -2.90334, 1.28435, 2.62382, 0.68267, 7.13329, 1.47942, -17.7505 )

[node name="wall_photo" parent="Station 61 Living Area" instance=ExtResource( 16 )]
transform = Transform( 3, 0, 0, 0, -1.31134e-07, -3, 0, 3, -1.31134e-07, 1.98789, 6.98268, -19.3987 )

[node name="tv_box" parent="Station 61 Living Area" instance=ExtResource( 18 )]
transform = Transform( 1.5, 0, 0, 0, 1.5, 0, 0, 0, 1.5, 10.705, 1.54431, -17.6633 )

[node name="OmniLight" type="OmniLight" parent="Station 61 Living Area"]
transform = Transform( 1, 0, 0, 0, 1, 0, 0, 0, 1, 0, 7.90873, -7.56536 )
omni_range = 50.0

[node name="OmniLight4" type="OmniLight" parent="Station 61 Living Area"]
transform = Transform( 0.5, 0, 0, 0, 0.5, 0, 0, 0, 0.5, 23.9649, 7.90873, 20.5229 )
omni_range = 50.0

[node name="OmniLight5" type="OmniLight" parent="Station 61 Living Area"]
transform = Transform( 0.5, 0, 0, 0, 0.5, 0, 0, 0, 0.5, 49.5278, 7.90873, 20.5229 )
omni_range = 50.0

[node name="OmniLight3" type="OmniLight" parent="Station 61 Living Area"]
transform = Transform( 0.333333, 0, 0, 0, 0.333333, 0, 0, 0, 0.333333, 0, 7.90873, 28.512 )
omni_range = 50.0

[node name="OmniLight2" type="OmniLight" parent="Station 61 Living Area"]
transform = Transform( 0.333333, 0, 0, 0, 0.333333, 0, 0, 0, 0.333333, -6.19888e-05, 8.58384, -27.8734 )
omni_range = 50.0

[node name="wallmaps" parent="Station 61 Living Area" instance=ExtResource( 19 )]
transform = Transform( -1.31134e-07, 0, 1, 0, 3, 0, -3, 0, -4.37114e-08, -12.1685, 6.37468, -4.03961 )

[node name="wallmaps2" parent="Station 61 Living Area" instance=ExtResource( 19 )]
transform = Transform( -1.31134e-07, 0, 1, 0, 3, 0, -3, 0, -4.37114e-08, -12.1685, 6.37468, -20.3401 )

[node name="wallmaps3" parent="Station 61 Living Area" instance=ExtResource( 19 )]
transform = Transform( 5.73206e-15, 1.31134e-07, 1, 3, -1.31134e-07, 0, 1.31134e-07, 3, -4.37114e-08, -12.1685, 6.37468, -12.2487 )

[node name="cleaner" parent="Station 61 Living Area" instance=ExtResource( 20 )]
transform = Transform( 0.7, 0, 0, 0, 0.7, 0, 0, 0, 0.7, 4.95192, 3.94274, -22.6905 )

[node name="cleaner2" parent="Station 61 Living Area" instance=ExtResource( 20 )]
transform = Transform( 0.7, 0, 0, 0, 0.7, 0, 0, 0, 0.7, 4.95192, 3.94274, -22.273 )

[node name="cleaner3" parent="Station 61 Living Area" instance=ExtResource( 20 )]
transform = Transform( 0.7, 0, 0, 0, 0.7, 0, 0, 0, 0.7, 4.31262, 3.94274, -22.273 )

[node name="cleaner4" parent="Station 61 Living Area" instance=ExtResource( 20 )]
transform = Transform( 0.7, 0, 0, 0, 0.7, 0, 0, 0, 0.7, 4.31262, 3.94274, -22.668 )

[node name="cleaner5" parent="Station 61 Living Area" instance=ExtResource( 20 )]
transform = Transform( 0.7, 0, 0, 0, 0.7, 0, 0, 0, 0.7, 7.35883, 3.79511, 32.1838 )

[node name="cleaner6" parent="Station 61 Living Area" instance=ExtResource( 20 )]
transform = Transform( 0.7, 0, 0, 0, 0.7, 0, 0, 0, 0.7, 9.47672, 3.85866, 32.0531 )

[node name="cleaner7" parent="Station 61 Living Area" instance=ExtResource( 20 )]
transform = Transform( 0.7, 0, 0, 0, 0.7, 0, 0, 0, 0.7, 5.67293, 3.79511, 32.6012 )

[node name="cleaner8" parent="Station 61 Living Area" instance=ExtResource( 20 )]
transform = Transform( 0.7, 0, 0, 0, 0.7, 0, 0, 0, 0.7, 6.71955, 3.79511, 32.2063 )

[node name="desktop_01" parent="Station 61 Living Area" instance=ExtResource( 12 )]
transform = Transform( -0.958829, 0, -0.721559, 0, 1.2, 0, 0.721559, 0, -0.958829, 11.8556, 4.48286, -23.0424 )

[node name="monitor" parent="Station 61 Living Area" instance=ExtResource( 11 )]
transform = Transform( -0.248081, 0, -0.968739, 0, 1, 0, 0.968739, 0, -0.248081, 11.8823, 3.28975, -27.1376 )

[node name="file cabinet" parent="Station 61 Living Area" instance=ExtResource( 15 )]
transform = Transform( -1.2, 0, -1.81195e-07, 0, 1.2, 0, 1.81195e-07, 0, -1.2, 0.138145, 1.6102, -21.6672 )

[node name="small wood table" parent="Station 61 Living Area" instance=ExtResource( 21 )]
transform = Transform( 1, 0, 0, 0, 1, 0, 0, 0, 1, -1.99709, 0.749854, -5.05309 )

[node name="small wood table2" parent="Station 61 Living Area" instance=ExtResource( 21 )]
transform = Transform( 1, 0, 0, 0, 1, 0, 0, 0, 1, -1.99709, 0.749854, -13.1396 )

[node name="radio_Battery" parent="Station 61 Living Area" instance=ExtResource( 22 )]
transform = Transform( 0.5, 0, 0, 0, 0.311223, 0.391331, 0, -0.391331, 0.311223, 11.6439, 3.95152, -31.8584 )

[node name="radio_Battery2" parent="Station 61 Living Area" instance=ExtResource( 22 )]
transform = Transform( 0.5, 0, 0, 0, 0.311223, 0.391331, 0, -0.391331, 0.311223, 11.6439, 4.11153, -31.5079 )

[node name="radio_Battery3" parent="Station 61 Living Area" instance=ExtResource( 22 )]
transform = Transform( 0.338296, 0.288159, -0.229171, 0, 0.311223, 0.391331, 0.368178, -0.264772, 0.210571, 10.7632, 4.22457, -31.1993 )

[node name="radio_Battery4" parent="Station 61 Living Area" instance=ExtResource( 22 )]
transform = Transform( 0.5, 0, 0, 0, 0.311223, 0.391331, 0, -0.391331, 0.311223, 11.6439, 3.95152, -30.813 )

[node name="radio_Battery5" parent="Station 61 Living Area" instance=ExtResource( 22 )]
transform = Transform( 0.5, 0, 0, 0, 0.311223, 0.391331, 0, -0.391331, 0.311223, 11.6439, 4.11153, -30.4625 )

[node name="radio_Battery6" parent="Station 61 Living Area" instance=ExtResource( 22 )]
transform = Transform( 0.338296, 0.288159, -0.229171, 0, 0.311223, 0.391331, 0.368178, -0.264772, 0.210571, 10.7632, 4.22457, -30.154 )

[node name="radio_Battery7" parent="Station 61 Living Area" instance=ExtResource( 22 )]
transform = Transform( 0.5, 0, 0, 0, 0.311223, 0.391331, 0, -0.391331, 0.311223, -8.7947, 4.6189, -32.5346 )

[node name="radio_Battery8" parent="Station 61 Living Area" instance=ExtResource( 22 )]
transform = Transform( 0.5, 0, 0, 0, 0.311223, 0.391331, 0, -0.391331, 0.311223, -8.7947, 4.77891, -32.1842 )

[node name="radio_Battery9" parent="Station 61 Living Area" instance=ExtResource( 22 )]
transform = Transform( 0.338296, 0.288159, -0.229171, 0, 0.311223, 0.391331, 0.368178, -0.264772, 0.210571, -9.67542, 4.89196, -31.8756 )

[node name="microwave" parent="Station 61 Living Area" instance=ExtResource( 23 )]
transform = Transform( -1.22077, 0, 1.18309, 0, 1.7, 0, -1.18309, 0, -1.22077, -10.4997, 3.9489, 33.2132 )

[node name="player" parent="." instance=ExtResource( 1 )]
transform = Transform( 3, 0, 0, 0, 3, 0, 0, 0, 3, 1.65984, 4.00217, -6.54403 )
speed = 15
run_speed = 30
